@misc{nastaran_pourebrahim_ccfadf88,
author = {Nastaran Pourebrahim and Selima Sultana and John A. Edwards and Amanda Gochanour and Somya D. Mohanty},
title = {Understanding communication dynamics on Twitter during natural disasters: A case study of Hurricane Sandy},
year = {2019},
month = {07},
url = {https://doi.org/10.1016/j.ijdrr.2019.101176}
}
@article{manuel_b__garcia_0996eb89,
author = {Manuel B. Garcia},
title = {Sentiment Analysis of Tweets on Coronavirus Disease 2019 (COVID-19) Pandemic from Metro Manila, Philippines},
year = {2020},
month = {11},
url = {https://scite.ai/reports/10.2478/cait-2020-0052}
}